@book{haken:atomy:kwanty,
address = "Warszawa",
author = "Haken, Herman and Wolf, Hans Christoph",
edition = "drugie, zmienione",
isbn = "83-01-13626-X",
publisher = "Wydawnictwo Naukowe PWN",
note = "Tłumaczenie: Irena Deperasi´nska, Jerzy Prochorow",
title = "Atomy i kwanty. Wprowadzenie do współczesnej spektroskopii atomowej",
year = 2002
}
